@misc{munzner,
    author = {Tamara Munzner},
    title = {{Visualization} {Analysis} \& {Design}},
    year = {2014}
}

@misc{workday,
    author = {Nathan Yau},
    title = {An American Workday, by Occupation},
    url = {https://flowingdata.com/2017/05/17/american-workday/}
}

@misc{basketball,
    author = {Max Woolf},
    title = {Heat Map of 1,058,383 Basketball Shots from NCAA Games},
    url = {https://i.redd.it/8tjefknwgrk01.png}
}
