@article{Lipp2018meltdown,
 author = {Lipp, Moritz and Schwarz, Michael and Gruss, Daniel and Prescher, Thomas and Haas, Werner and Mangard, Stefan and Kocher, Paul and Genkin, Daniel and Yarom, Yuval and Hamburg, Mike},
 title = {Meltdown},
 journal = {ArXiv e-prints},
 archivePrefix = "arXiv",
 eprint = {1801.01207},
 year = 2018,
 month = jan,
} 
