@article{Lipp2018meltdown,
 author = {Lipp, Moritz and Schwarz, Michael and Gruss, Daniel and Prescher, Thomas and Haas, Werner and Mangard, Stefan and Kocher, Paul and Genkin, Daniel and Yarom, Yuval and Hamburg, Mike},
 title = {Meltdown},
 journal = {ArXiv e-prints},
 archivePrefix = "arXiv",
 eprint = {1801.01207},
 year = 2018,
 month = jan,
} 

@misc{wiki:side,
    author = "Wikipedia contributors",
    title = "Side-channel attack --- Wikipedia{,} The Free Encyclopedia",
    year = "2018",
    url = "https://en.wikipedia.org/w/index.php?title=Side-channel_attack&oldid=822962347",
    note = "[Online; accessed 17-February-2018]"
}

@inproceedings {flush,
    author = {Yuval Yarom and Katrina Falkner},
    title = {Flush+Reload: A High Resolution, Low Noise, L3 Cache Side-Channel Attack},
    booktitle = {23rd {USENIX} Security Symposium ({USENIX} Security 14)},
    year = {2014},
    isbn = {978-1-931971-15-7},
    address = {San Diego, CA},
    pages = {719--732},
    publisher = {{USENIX} Association},
}
